@article{WIRELESS_SURVEY,
title = "Wireless sensor networks: a survey",
journal = "Computer Networks",
volume = "38",
number = "4",
pages = "393 - 422",
year = "2002",
note = "",
issn = "1389-1286",
doi = "10.1016/S1389-1286(01)00302-4",
url = "http://www.sciencedirect.com/science/article/pii/S1389128601003024",
author = "I.F. Akyildiz and W. Su and Y. Sankarasubramaniam and E. Cayirci"
}

@INPROCEEDINGS{ IBM_CLOUD,
AUTHOR = "Madoka Yuriyama and Takayuki Kushida",
TITLE = "Sensor-Cloud Infrastructure - Physical Sensor Management with Virtualized Sensors on Cloud Computing.",
booktitle = "NBiS'10",
PAGES = {1-8},
YEAR = {2010}  }

@ARTICLE{CLUSTER_HEAD,
    author = {Vivek Mhatre and Catherine Rosenberg},
    title = {Design guidelines for wireless sensor networks: communication, clustering and aggregation},
    journal = {Ad Hoc Networks Journal, Elsevier Science},
    year = {2004},
    volume = {2},
    pages = {45--63}
}

@article{GRID,
    author = {Jemal H. Abawajy and Saeid Nahavandi and Fahed Al-Neyadi},
    title = {Sensor Node Activity Scheduling Approach},
    journal ={Multimedia and Ubiquitous Engineering, International Conference on},
    isbn = {0-7695-2777-9},
    year = {2007},
    pages = {72-77},
    doi = {http://doi.ieeecomputersociety.org/10.1109/MUE.2007.190},
    publisher = {IEEE Computer Society},
    address = {Los Alamitos, CA, USA}
}

@INPROCEEDINGS{TINYOS_PAPER,
    author = {Barbara Hohlt and Eric Brewer},
    title = {Network Power Scheduling for TinyOS Applications},
    booktitle = {In EEE Int. Conference on Distributed Computing in Sensor Systems (DCOSS},
    year = {2006}
}

@INPROCEEDINGS{HABITAT,
    author = {Robert Szewczyk et. al.},
    title = {An analysis of a large scale habitat monitoring application},
    booktitle = {In Proceedings of the Second ACM Conference on Embedded Networked Sensor Systems (SenSys},
    year = {2004},
    pages = {214--226}
}

@inproceedings{FRAMEWORK,
 author = {Hassan, Mohammad Mehedi et. al.},
 title = {A framework of sensor-cloud integration opportunities and challenges},
 booktitle = {Proceedings of the 3rd International Conference on Ubiquitous Information Management and Communication},
 series = {ICUIMC '09},
 year = {2009},
 isbn = {978-1-60558-405-8},
 location = {Suwon, Korea},
 pages = {618--626},
 numpages = {9},
 url = {http://doi.acm.org/10.1145/1516241.1516350},
 doi = {http://doi.acm.org/10.1145/1516241.1516350},
 acmid = {1516350},
 publisher = {ACM},
 address = {New York, NY, USA},
 keywords = {cloud computing, dynamic collaboration, event matching algorithm, pub/sub, sensor network},
}

@ARTICLE{MILAN,
    author = {Wendi B. Heinzelman et. al.},
    title = {Middleware to support sensor network applications},
    journal = {IEEE Network},
    year = {2004},
    volume = {18},
    number = {1},
    pages = {6--14}
}

@article{MIRES,
 author = {Souto, Eduardo et. al.},
 title = {Mires: a publish/subscribe middleware for sensor networks},
 journal = {Personal Ubiquitous Computing},
 volume = {10},
 issue = {1},
 month = {December},
 year = {2005},
 issn = {1617-4909},
 pages = {37--44},
 numpages = {8},
 url = {http://dx.doi.org/10.1007/s00779-005-0038-3},
 doi = {http://dx.doi.org/10.1007/s00779-005-0038-3},
 acmid = {1103895},
 publisher = {Springer-Verlag},
 address = {London, UK},
 keywords = {Middleware, Publish/subscribe systems, Wireless sensor networks},
}

@INPROCEEDINGS{TINY,
    author = {Philip Levis et. al.},
    title = {TinyOS: An operating system for sensor networks},
    booktitle = {in Ambient Intelligence},
    year = {2004},
    publisher = {Springer Verlag}
}

@ARTICLE{PUBSUB,
    author = {P.Th. Eugster et. al.},
    title = {The Many Faces of Publish/Subscribe},
    journal = {ACM Computing Surveys},
    year = {},
    volume = {35},
    pages = {114--131}
}

@INPROCEEDINGS{citysense,
author={Murty, R.N. et. al.,.},
booktitle={Technologies for Homeland Security, 2008 IEEE Conference on},
title={CitySense: An Urban-Scale Wireless Sensor Network and Testbed},
year={2008},
month={may},
volume={},
number={},
pages={583 -588},
keywords={802.11a/b/g radios;CitySense;Internet;Linux-based embedded PC;urban-scale wireless sensor network;wireless LAN;Linux;wireless LAN;},
doi={10.1109/THS.2008.4534518},
ISSN={},}

@inproceedings{GSN,
 author = {Aberer, Karl and Hauswirth, Manfred and Salehi, Ali},
 title = {A middleware for fast and flexible sensor network deployment},
 booktitle = {Proceedings of the 32nd international conference on Very large data bases},
 series = {VLDB '06},
 year = {2006},
 location = {Seoul, Korea},
 pages = {1199--1202},
 numpages = {4},
 url = {http://dl.acm.org/citation.cfm?id=1182635.1164243},
 acmid = {1164243},
 publisher = {VLDB Endowment},
}

@INPROCEEDINGS{URBAN,
    author = {J. Burke et. al.},
    title = {Participatory sensing},
    booktitle = {In: Workshop on World-Sensor-Web (WSWâ€™06): Mobile Device Centric Sensor Networks and Applications},
    year = {2006},
    pages = {117--134}
}

@inproceedings{TOSSIM,
 author = {Levis, Philip and Lee, Nelson and Welsh, Matt and Culler, David},
 title = {TOSSIM: accurate and scalable simulation of entire TinyOS applications},
 booktitle = {Proceedings of the 1st international conference on Embedded networked sensor systems},
 series = {SenSys '03},
 year = {2003},
 isbn = {1-58113-707-9},
 location = {Los Angeles, California, USA},
 pages = {126--137},
 numpages = {12},
 url = {http://doi.acm.org/10.1145/958491.958506},
 doi = {10.1145/958491.958506},
 acmid = {958506},
 publisher = {ACM},
 address = {New York, NY, USA},
}

@inproceedings{nesc,
 author = {Gay David et. al.},
 title = {The nesC language: A holistic approach to networked embedded systems},
 booktitle = {Proceedings of the ACM SIGPLAN 2003 conference on Programming language design and implementation},
 series = {PLDI '03},
 year = {2003},
 isbn = {1-58113-662-5},
 location = {San Diego, California, USA},
 pages = {1--11},
 numpages = {11},
 url = {http://doi.acm.org/10.1145/781131.781133},
 doi = {10.1145/781131.781133},
 acmid = {781133},
 publisher = {ACM},
 address = {New York, NY, USA},
 keywords = {C, TinyOS, components, concurrency, data races, first-order, modules, nesC, programming languages},
}
